<?xml version="1.0" encoding="UTF-8"?>
<record xmlns="http://www.loc.gov/MARC21/slim" xmlns:xsi="http://www.w3.org/2001/XMLSchema-instance" xsi:schemaLocation="http://www.loc.gov/MARC21/slim http://www.loc.gov/standards/marcxml/schema/MARC21slim.xsd">
<leader>     cam a22002417a 4500</leader>
<controlfield tag="001">001677422</controlfield>
<controlfield tag="003">NNU</controlfield>
<controlfield tag="005">19950509163213.8</controlfield>
<controlfield tag="008">890916s1946    tu            000 0 ara</controlfield>
<datafield tag="010" ind1=" " ind2=" ">
<subfield code="a">89967311</subfield>
</datafield>
<datafield tag="035" ind1="9" ind2=" ">
<subfield code="a">NYUb12220801</subfield>
</datafield>
<datafield tag="035" ind1=" " ind2=" ">
<subfield code="a">(CStRLIN)DCLC89967311-B</subfield>
</datafield>
<datafield tag="040" ind1=" " ind2=" ">
<subfield code="a">DLC</subfield>
<subfield code="c">DLC</subfield>
<subfield code="d">DLC</subfield>
<subfield code="d">CStRLIN</subfield>
</datafield>
<datafield tag="050" ind1="0" ind2="0">
<subfield code="a">LAW</subfield>
</datafield>
<datafield tag="100" ind1="1" ind2=" ">
<subfield code="a">Ibn ʻĀshūr, Muḥammad al-Ṭāhir,</subfield>
<subfield code="d">d. 1867 or 8.</subfield>
</datafield>
<datafield tag="245" ind1="1" ind2="0">
<subfield code="a">Maqāṣid al-sharīʻah al-Islāmīyah /</subfield>
<subfield code="c">taʼlīf Muḥammad al-Ṭāhir ibn ʻĀshūr.</subfield>
</datafield>
<datafield tag="250" ind1=" " ind2=" ">
<subfield code="a">Ṭabʻah 1.</subfield>
</datafield>
<datafield tag="260" ind1=" " ind2=" ">
<subfield code="a">Tūnis :</subfield>
<subfield code="b">Maktabat al-Istiqāmah,</subfield>
<subfield code="c">1366 [1946 or 1947]</subfield>
</datafield>
<datafield tag="300" ind1=" " ind2=" ">
<subfield code="a">231 p. ;</subfield>
<subfield code="c">24 cm.</subfield>
</datafield>
<datafield tag="653" ind1="0" ind2=" ">
<subfield code="a">Maqāṣid (Islamic law)</subfield>
</datafield>
<datafield tag="650" ind1=" " ind2="0">
<subfield code="a">Islamic law</subfield>
<subfield code="x">Interpretation and construction.</subfield>
</datafield>
<datafield tag="OWN" ind1=" " ind2=" ">
<subfield code="a">GENERAL</subfield>
</datafield>
<datafield tag="950" ind1=" " ind2=" ">
<subfield code="l">BMAIN</subfield>
<subfield code="a">BP175.J5</subfield>
<subfield code="b">I2</subfield>
</datafield>
<datafield tag="955" ind1=" " ind2=" ">
<subfield code="l">BMAIN</subfield>
<subfield code="c">1</subfield>
<subfield code="r">027052904</subfield>
</datafield>
<datafield tag="998" ind1=" " ind2=" ">
<subfield code="s">9550</subfield>
</datafield>
<datafield tag="AVA" ind1=" " ind2=" ">
<subfield code="a">NYU50</subfield>
<subfield code="b">BOBST</subfield>
<subfield code="c">Main Collection</subfield>
<subfield code="d">BP175.J5 I2</subfield>
<subfield code="e">unavailable</subfield>
<subfield code="t">Unavailable</subfield>
<subfield code="f">1</subfield>
<subfield code="g">1</subfield>
<subfield code="h">N</subfield>
<subfield code="i">2</subfield>
<subfield code="j">MAIN</subfield>
<subfield code="k">0</subfield>
</datafield>
</record>
